@article{alfaro2024ultra,
  title={Ultra-high-energy gamma-ray bubble around microquasar V4641 Sgr},
  author={Alfaro, R and Alvarez, C and Arteaga-Vel{\'a}zquez, JC and Avila Rojas, D and Ayala Solares, HA and Babu, R and Belmont-Moreno, E and Caballero-Mora, KS and Capistr{\'a}n, T and Carrami{\~n}ana, A and others},
  journal={Nature},
  volume={634},
  number={8034},
  pages={557--560},
  year={2024},
  publisher={Nature Publishing Group UK London}
}
@article{lhaaso2024ultrahigh,
  title={Ultrahigh-Energy Gamma-ray Emission Associated with Black Hole-Jet Systems},
  author={LHAASO Collaboration and others},
  journal={arXiv preprint arXiv:2410.08988},
  year={2024}
}
@article{demidem2020particle,
  title={Particle acceleration in relativistic turbulence: A theoretical appraisal},
  author={Demidem, Camilia and Lemoine, Martin and Casse, Fabien},
  journal={Physical Review D},
  volume={102},
  number={2},
  pages={023003},
  year={2020},
  publisher={APS}
}
@article{neronov2025multimessenger,
  title={Multimessenger signature of cosmic rays from the microquasar V4641 Sgr propagating along a Galactic magnetic field line},
  author={Neronov, Andrii and Oikonomou, Foteini and Semikoz, Dmitri},
  journal={Physical Review D},
  volume={111},
  number={10},
  pages={103025},
  year={2025},
  publisher={APS}
}
@article{zhao2025upper,
  title={Upper limits on the gamma-ray emission from the microquasar V4641 Sgr},
  author={Zhao, Zihao and Li, Jian and Torres, Diego F},
  journal={The Astrophysical Journal},
  volume={984},
  number={1},
  pages={3},
  year={2025},
  publisher={IOP Publishing}
}
@article{suzuki2025detection,
  title={Detection of extended X-ray emission around the PeVatron microquasar V4641 Sgr with XRISM},
  author={Suzuki, Hiromasa and Tsuji, Naomi and Kanemaru, Yoshiaki and Shidatsu, Megumi and Olivera-Nieto, Laura and Safi-Harb, Samar and Kimura, Shigeo S and de la Fuente, Eduardo and Casanova, Sabrina and Mori, Kaya and others},
  journal={The Astrophysical Journal Letters},
  volume={978},
  number={2},
  pages={L20},
  year={2025},
  publisher={IOP Publishing}
}
@article{revnivtsev2002super,
  title={Super-Eddington outburst of V4641 Sgr},
  author={Revnivtsev, Mikhail and Gilfanov, Marat and Churazov, Eugene and Sunyaev, Rashid},
  journal={Astronomy \& Astrophysics},
  volume={391},
  number={3},
  pages={1013--1022},
  year={2002},
  publisher={EDP Sciences}
}
@article{revnivtsev2002v4641sgr,
  title={V4641Sgr--A super-Eddington source enshrouded by an extended envelope},
  author={Revnivtsev, M and Sunyaev, R and Gilfanov, M and Churazov, E},
  journal={Astronomy \& Astrophysics},
  volume={385},
  number={3},
  pages={904--908},
  year={2002},
  publisher={EDP Sciences}
}